<record xmlns='http://www.loc.gov/MARC21/slim'><leader>01080cam a2200349 a 4500</leader><controlfield tag='001'>1414519</controlfield><controlfield tag='005'>20180907061006.0</controlfield><controlfield tag='008'>990712s1998    vra          s000 0 eng d</controlfield><datafield ind1='1' ind2=' ' tag='019'><subfield code='a'>20206457</subfield></datafield><datafield ind1=' ' ind2=' ' tag='020'><subfield code='a'>0731143213</subfield></datafield><datafield ind1=' ' ind2=' ' tag='035'><subfield code='9'>(AuCNLDY)2800821</subfield></datafield><datafield ind1=' ' ind2=' ' tag='035'><subfield code='a'>1414519</subfield></datafield><datafield ind1=' ' ind2=' ' tag='040'><subfield code='a'>VSL</subfield><subfield code='b'>eng</subfield><subfield code='c'>VSL</subfield></datafield><datafield ind1=' ' ind2=' ' tag='042'><subfield code='a'>anuc</subfield></datafield><datafield ind1=' ' ind2=' ' tag='043'><subfield code='a'>u-at-vi</subfield></datafield><datafield ind1='0' ind2='4' tag='082'><subfield code='a'>338.170994</subfield><subfield code='2'>21</subfield></datafield><datafield ind1='1' ind2=' ' tag='100'><subfield code='a'>Aitken, Kaye.</subfield></datafield><datafield ind1='1' ind2='0' tag='245'><subfield code='a'>Benchmarks for the Victorian french fry &amp; seed potato industries /</subfield><subfield code='c'>Kaye Aitken &amp; Lee Beattie.</subfield></datafield><datafield ind1=' ' ind2=' ' tag='260'><subfield code='a'>[Melbourne] :</subfield><subfield code='b'>Agriculture Victoria,</subfield><subfield code='c'>19998.</subfield></datafield><datafield ind1=' ' ind2=' ' tag='300'><subfield code='a'>24 p. ;</subfield><subfield code='c'>30 cm.</subfield></datafield><datafield ind1='1' ind2=' ' tag='490'><subfield code='a'>ExpHORT 2000 Publication ;</subfield><subfield code='v'>no. 57</subfield></datafield><datafield ind1=' ' ind2=' ' tag='500'><subfield code='a'>Cover title.</subfield></datafield><datafield ind1=' ' ind2=' ' tag='500'><subfield code='a'>Spiral bound.</subfield></datafield><datafield ind1=' ' ind2='0' tag='650'><subfield code='a'>Seed potatoes</subfield><subfield code='z'>Victoria.</subfield></datafield><datafield ind1=' ' ind2='0' tag='650'><subfield code='a'>Potatoes</subfield><subfield code='z'>Victoria.</subfield></datafield><datafield ind1=' ' ind2='0' tag='650'><subfield code='a'>Potato industry</subfield><subfield code='z'>Victoria</subfield><subfield code='x'>Financial aspects.</subfield></datafield><datafield ind1=' ' ind2='0' tag='650'><subfield code='a'>Benchmarking (Management)</subfield><subfield code='z'>Victoria.</subfield></datafield><datafield ind1=' ' ind2='0' tag='650'><subfield code='a'>Potato industry</subfield><subfield code='z'>Victoria.</subfield></datafield><datafield ind1='1' ind2=' ' tag='700'><subfield code='a'>Beattie, Lee.</subfield></datafield><datafield ind1='2' ind2=' ' tag='710'><subfield code='a'>Agriculture Victoria.</subfield></datafield><datafield ind1=' ' ind2='0' tag='830'><subfield code='a'>ExpHORT 2000 Publication ;</subfield><subfield code='v'>no. 57.</subfield></datafield><datafield ind1=' ' ind2=' ' tag='984'><subfield code='a'>ANL</subfield><subfield code='c'>Nq 363.19262 EXP</subfield></datafield></record>